@BOOK{Maimon,
	  AUTHOR = {Oded Maimon, Lior Rokach},
	  TITLE = {Data Mining and Knowledge Discovery Handbook},
	  PUBLISHER = {Springer New York Dordrecht Heidelberg London},
	  NUMBER = {978-0-387-24435-8},
	  pages={117-130,231-247},  
	  YEAR = {2010}  
}
@ARTICLE{Kurukshetra,
		  AUTHOR = {Karanjit Singh and Dr. Shuchita Upadhyaya},
		  TITLE = {Outlier Detection Applications And Techniques},
		  JOURNAL = {IJCSI International Journal of Computer Science Issues, Vol. 9, Issue 1, No 3},
		  YEAR = {2012}
}
@BOOK{Silvia,
	  AUTHOR = {Silvia Cateni, Valentina Colla and Marco Vannucci},
	  TITLE = {Outlier Detection Methods for Industrial Applications, Advances in Robotics, Automation and Control},
	  PUBLISHER = {In Tech Open Access Publisher},
	  NUMBER = {78-953-7619-16-9},
	  pages={265-279},
	  YEAR = {2008}
}
@MISC{Anomlay,
        KEY = {Anomlay},
        TITLE = {Anomaly detection},
        HOWPUBLISHED = {Wikipedia, the Free Encyclopedia, \url{https://en.wikipedia.org/wiki/Anomaly_detection}},
        YEAR = {Accessed April 2017}
}
@MISC{Outlier,
        KEY = {Outlier},
        TITLE = {Outlier},
        HOWPUBLISHED = {Wikipedia, the Free Encyclopedia, \url{https://en.wikipedia.org/wiki/Outlier}},
        YEAR = {Accessed April 2017}
}
@BOOK{Barnett,
	  AUTHOR = {V. Barnett and T. Lewis},
	  TITLE = {Outliers in statistical data},
	  PUBLISHER = {John Wiley},
	  NUMBER = {0-471-93094-6}, 
	  YEAR = {1994}
}
@BOOK{NIST,
	  AUTHOR = {NIST},
	  TITLE = {Engineering statistics},
	  PUBLISHER = {NIST is an agency of the U.S. Department of Commerce},
	  URL = {http://www.itl.nist.gov/div898/handbook/eda/section3/eda35h.htm},
	  YEAR = {2003}
}
@MISC{Survey,
	  AUTHOR       = {Varun Chandola and Arindam Banerjee and Vipin Kumar},
	  TITLE        = {Anomaly Detection: A Survey},
	  PUBLISHER    = {ACM Computing Surveys, Vol. 41, No. 3, Article 15},
	  url = {https://www.vs.inf.ethz.ch/edu/HS2011/CPS/papers/chandola09_anomaly-detection-survey.pdf},
	  YEAR = {2009}
  } 
@MASTERTHESIS{Songwon,
				AUTHOR		= {Songwon Seo},
				TITLE		= {A Review and Comparison of Methods for Detecting Outliers
				in Univariate Data Sets},
				SCHOOL		= {Graduate School of Public Health},
				YEAR		= {2006}
}
@CONFERENCE{Markus,
			Xconference = {ACM SIGMOD 2000 Int. Conf. On Management of Data, Dalles, TX},
		    author      = {Markus M. Breunig and Hans-Peter Kriegel and Raymond T. Ng and Jorg Sander},
		    title       = {{LOF} Identifying Density Based Local Outliers},
		    year  = {2000}
}
@CONFERENCE{Edgar,
			Xconference = {Proceedings of the Fifth IEEE International Conference on Data Mining},
		    author      = {Edgar Acu na and Elio Lozano},
		    title       = {Parallel algorithms for distance-based and density-based outliers},
		    year        = {2005}
}
@MISC{LOF,
	 KEY = {LOF},
	 TITLE = {Local outlier factor},
	 HOWPUBLISHED = {Wikipedia, the Free Encyclopedia, \url{https://en.wikipedia.org/wiki/Local_outlier_factor}},
	 YEAR = {Accessed April 2017}
}
@MASTERTHESIS{Hongyin,
			AUTHOR		= {Hongyin Cui},
			TITLE		= {Online Outlier Detection Over Data Streams},
			SCHOOL		= {School Of Computing Science, Simon Fraser University},
			YEAR		= {2005}
}
@MISC{Mathew,
	  AUTHOR       = {Mathew X. Ma, Henry Y.T. Ngan and Wei Liu},
	  TITLE        = {Density-based Outlier Detection by Local Outlier Factor on Large-scale Traffic Data},
	  PUBLISHER    = {Society for Imaging Science and Technology},
	  url = {http://www.ingentaconnect.com/contentone/ist/ei/2016/00002016/00000014/art00003?crawler=true},
	  YEAR         ={2016}
}
@CONFERENCE{Knorr,
			Xconference = {Proceedings of the 24th Int. Conf. on Very Large Data Bases, New York},
		    author = {Edwin M. Knox and Raymond T. Ng},
		    title  = {Algorithms for Mining Distance Based Outliers in Large Datasets},
		    pages = {392-403}, 
		    year   = {1998}
}
@workshop{Malak,
			Xconference = {Proceedings of the 3rd Workshop on General-Purpose Computation on Graphics Processing Units},
		    author = {Malak Alshawabkeh, Byunghyun Jang, David Kaeli},
		    title  = {Accelerating the local outlier factor algorithm on a GPU for intrusion detection systems},
		    pages  = {107},
		    year   = {2010}
}
%%%%%%%%%%%%%%%%%%%%      SVM       %%%%%%%%%%%%%%%%%
@MISC{SCM,
        KEY   			= {SCM},
        TITLE 			= {Support vector machine},
        HOWPUBLISHED 	= {Wikipedia, the Free Encyclopedia, 		\url{https://en.wikipedia.org/wiki/Support_vector_machine}},
        YEAR 			= {Accessed April 2017}
}
@unpublished{Nicholas,
        author	 = {Nicholas Arcolano and Daniel Rudoy},
        TITLE	 = {One Class Support Vector Machines Methods and Applications},
        HOWPUBLISHED = {Final Project Presentation School of Engineering and Applied Sciences}, 
        Url={http://www.dainf.ct.utfpr.edu.br/~kaestner/Mineracao/ArquivosExtras2016/Dan.Nick-OneClassSVM.pdf},
        NOTE = {School of Engineering presentation},
        YEAR = {2008}
}
@online{Roemer,
		 author = {Roemer Vlasveld},
		 title = {Introduction to One-class Support Vector Machines},
		 url= {http://rvlasveld.github.io/blog/2013/07/12/introduction-to-one-class-support-vector-machines/},
		 YEAR = {Accessed April 2017}
}
@BOOK{Scholkopf,
	  AUTHOR = {Bernhard Scholkopf and Robert Williamson and Alex Smola and John Shawe-Taylor and John Platt},
	  TITLE = {Support Vector Method for Novelty Detection},
	  PUBLISHER = {MIT Press},
	  NUMBER = {0-262-11245-0},
	  pages={582-585},
	  YEAR = {1998}
}
@ARTICLE{David,
		  AUTHOR  = {David MJ Tax and Robert PW Duin},
		  TITLE   = {Support vector data description},
		  JOURNAL = {Kluwer Academic Publishers-Plenum Publishers},
		  YEAR    = {2004}
}
@MASTERTHESIS{Thuso,
			AUTHOR		= {Thuso Ben Modise},
			TITLE		= {A Basic Introduction to Machine Learning},
			SCHOOL		= {African Institute for Mathematical Sciences, South Africa},
			Note 		= {African Institute for Mathematical Sciences, South Africa, 2014},
			YEAR		= {2014}
}
@MISC{SVM,
        TITLE = {Introduction to Support Vector Machines},
        HOWPUBLISHED = {\url{http://docs.opencv.org/2.4/doc/tutorials/ml/introduction_to_svm/introduction_to_svm.html}},
        YEAR = {Accessed May 2017}
}

@online{OCSVM,
		 title = {Unsupervised Machine Learning with One-class Support Vector Machines},
		 url = {https://thisdata.com/blog/unsupervised-machine-learning-with-one-class-support-vector-machines/},
		 YEAR = {Accessed May 2017}
}



%%%%%%%%%% machine learning %%%%%%%%%%%%

@ARTICLE{Goldstein,
		  AUTHOR  = {Goldstein M, Uchida S.},
		  TITLE   = {A Comparative Evaluation of Unsupervised Anomaly Detection Algorithms for Multivariate Data},
		  JOURNAL = {PLoS ONE 11(4): e0152173},
		  url = {https://doi.org/10.1371/journal.pone.0152173},
		  YEAR    = {2016}
}

@misc{Andrew,
	  author        = {Andrew Ng},
	  title         = {Lecture notes in Machine Leanring, Coursera site},
	  publisher		= {Coursera},
	  Url			= {https://www.coursera.org/learn/machine-learning/supplement/d5Pt1/lecture-slides},
	  year          = {2017}
}

@MISC{Clark,
	  AUTHOR       = {MR Tight, EJ Redfern, SM Watson and SD Clark},
	  TITLE        = {OUTLIER DETECTION AND MISSING VALUE ESTIMATION IN TIME SERIES TRAFFIC COUNT DATA: FINAL REPORT OF SERC PROJECT GR/G23180},
	  PUBLISHER    = {White Rose Consortium ePrints Repository},
	  url = {http://eprints.whiterose.ac.uk/2174/1/ITS295_WP401_uploadable.pdf},
	  YEAR = {1993}
  }

@PHDTHESIS{Edwin,
			AUTHOR		= {Edwin M. Knorr},
			TITLE		= {Outliers and Data Mining: Finding Exceptions in Data},
			SCHOOL		= {The university of British Columbia, Department of Computer Science},
			YEAR		= {2002}
}
%%%%%%%%%%%%%%%%%%%online%%%%%%%%%%%%%%%%%
@online{RBFkernel,
		 title = {Why does RBF kernel generally outperforms linear or polynomial kernels?},
		 url = {https://www.quora.com/Why-does-RBF-kernel-generally-outperforms-linear-or-polynomial-kernels},
		 YEAR = {Accessed May 2017}
}
@online{Hyperplane,
		 title = {What is the relation between the number of Support Vectors and training data and classifiers performance?},
		 url = {http://stackoverflow.com/questions/9480605/what-is-the-relation-between-the-number-of-support-vectors-and-training-data-and},
		 YEAR = {Accessed May 2017}
}
@online{Confusion,
		 title = {What is a Confusion Matrix in Machine Learning?},
		 url = {http://machinelearningmastery.com/confusion-matrix-machine-learning/},
		 YEAR = {Accessed May 2017}
}
@online{ROC,
		 title = {Drawing ROC Curve},
		 url   = {https://docs.eyesopen.com/toolkits/cookbook/python/plotting/roc.html},
		 YEAR  = {Accessed May 2017}
}
@online{AUC,
		 title = {Receiver Operating Characteristic (ROC)},
		 url   = {http://scikit-learn.org/stable/auto_examples/model_selection/plot_roc.html},
		 YEAR  = {Accessed May 2017}
}
@online{AUROC,
		 title = {What does AUC stand for and what is it?},
		 url   = {https://stats.stackexchange.com/questions/132777/what-does-auc-stand-for-and-what-is-it},
		 YEAR  = {Accessed May 2017}
}